
@article{Goldreich:1996:SPS:233551.233553,
	author = {Goldreich, Oded and Ostrovsky, Rafail},
	title = {Software Protection and Simulation on Oblivious RAMs},
	journal = {J. ACM},
	issue_date = {May 1996},
	volume = {43},
	number = {3},
	month = may,
	year = {1996},
	issn = {0004-5411},
	pages = {431--473},
	numpages = {43},
	url = {http://doi.acm.org/10.1145/233551.233553},
	doi = {10.1145/233551.233553},
	acmid = {233553},
	publisher = {ACM},
	address = {New York, NY, USA},
	keywords = {pseudorandom functions, simulation of random access machines, software protection},
}

@article{Chang:2016:ORD:2994509.2994528,
	author = {Chang, Zhao and Xie, Dong and Li, Feifei},
	title = {Oblivious RAM: A Dissection and Experimental Evaluation},
	journal = {Proc. VLDB Endow.},
	issue_date = {August 2016},
	volume = {9},
	number = {12},
	month = aug,
	year = {2016},
	issn = {2150-8097},
	pages = {1113--1124},
	numpages = {12},
	url = {http://dx.doi.org/10.14778/2994509.2994528},
	doi = {10.14778/2994509.2994528},
	acmid = {2994528},
	publisher = {VLDB Endowment},
} 